@ARTICLE{kreiberg2015,
   author = {{Kreidberg}, L.},
    title = "{batman: BAsic Transit Model cAlculatioN in Python}",
  journal = {\pasp},
archivePrefix = "arXiv",
   eprint = {1507.08285},
 primaryClass = "astro-ph.EP",
     year = 2015,
    month = nov,
   volume = 127,
    pages = {1161},
      doi = {10.1086/683602},
   adsurl = {http://adsabs.harvard.edu/abs/2015PASP..127.1161K},
  adsnote = {Provided by the SAO/NASA Astrophysics Data System}
}
